% Encoding: UTF-8

@book{Elektroakustik,
	author={Tore Arne Skogberg},
	title={Elektroakustik, Version 2.6}
}

@article{thiele1971loudspeakers,
		title = {Loudspeakers in Vented Boxes: Part 1},
		author = {Thiele, Neville},
		journal = {J. Audio Eng. Soc},
		volume = {19},
		number = {5},
		pages = {382--392},
		year = {1971},
		url = {http://www.aes.org/e-lib/browse.cfm?elib=2173}
		}
		
@article{small1972closed,
	title = {Closed-Box Loudspeaker Systems-Part 1: Analysis},
	author = {Small, Richard H.},
	journal = {J. Audio Eng. Soc},
	volume = {20},
	number = {10},
	pages = {798--808},
	year = {1972},
	url = {http://www.aes.org/e-lib/browse.cfm?elib=2022}
}

@online{thielesmall,
	title={Thiele/Small parameters},
	url={https://en.wikipedia.org/wiki/Thiele/Small_parameters}
}

@online{vifa,
	title={Vifa Speakers C11WG-09-04},
	url={http://www.oregondv.com/Vifa_Speakers_C11WG-09-04.htm}
}

@manual{fountek,
	title={Fountek FW168},
	url={https://www.parts-express.com/pedocs/specs/296-729-fountek-fw168-specifications.PDF}
}

@online{MatlabClasses,
	title={Class Definition},
	url={https://se.mathworks.com/help/matlab/object-oriented-programming-in-matlab.html}
}